@online{GPS_Measurement_tools,
author = {Google Inc},
year = {2016},
title ={GPS Measurement Tools},
url = {github.com/google/gps-measurement-tools},
}

@online{GNSS_logger,
author = {Google Inc},
year = {2016},
title = {GPS logger},
url = {github.com/google/gps-measurement-tools/releases/tag/2.0.0.1},
}

@online{GNSS_measurements_API,
author = {Google Inc},
year = {2016},
title ={GNSS measurements API},
url = {developer.android.com/reference/android/location/GnssMeasurement},
}

@article{multipath_article,
author = {Nasr-Azadani, Samin and Alizadeh, Mahdi and Schuh, H.},
year = {2023},
month = {01},
pages = {595-602},
title = {DETECTING MULTIPATH EFFECTS ON SMARTPHONE GNSS MEASUREMENTS USING CMCD AND ELEVATION-DEPENDENT SNR SELECTION TECHNIQUE},
volume = {X-4/W1-2022},
journal = {ISPRS Annals of the Photogrammetry, Remote Sensing and Spatial Information Sciences},
doi = {10.5194/isprs-annals-X-4-W1-2022-595-2023}
}